<?xml version="1.0" encoding="UTF-8"?><record xmlns="http://www.loc.gov/MARC21/slim" xmlns:cinclude="http://apache.org/cocoon/include/1.0" xmlns:zs="http://www.loc.gov/zing/srw/">
  <leader>00307nz  a2200121n  4500</leader>
  <controlfield tag="001">nr2006001984</controlfield>
  <controlfield tag="003">DLC</controlfield>
  <controlfield tag="005">20060225033117.0</controlfield>
  <controlfield tag="008">060125n| acannaabn          |n aaa     c</controlfield>
  <datafield tag="010" ind1=" " ind2=" ">
    <subfield code="a">nr2006001984</subfield>
  </datafield>
  <datafield tag="040" ind1=" " ind2=" ">
    <subfield code="a">UPB</subfield>
    <subfield code="b">eng</subfield>
    <subfield code="c">UPB</subfield>
  </datafield>
  <datafield tag="100" ind1="0" ind2=" ">
    <subfield code="a">Epictetus.</subfield>
    <subfield code="t">Discourses.</subfield>
    <subfield code="n">Book 1.</subfield>
    <subfield code="l">English</subfield>
  </datafield>
  <datafield tag="670" ind1=" " ind2=" ">
    <subfield code="a">Discourses. Book I, 1998</subfield>
  </datafield>
</record>